@article{何祚镛2007近场声全息技术应用有关物理问题研究,
  title={近场声全息技术应用有关物理问题研究},
  author={何祚镛 and 何元安 and 王曼},
  journal={声学学报},
  volume={32},
  number={2},
  pages={137--143},
  year={2007},
  publisher={《 声学学报》 编辑部}
}
